<record><leader>00000cas a22000007a 4500</leader><controlfield tag="001">30604078</controlfield><controlfield tag="008">940614d18821882ncuwr ne      0    0eng d</controlfield><datafield ind1=" " ind2=" " tag="010"><subfield code="a">sn 94058221 </subfield></datafield><datafield ind1=" " ind2=" " tag="040"><subfield code="a">NVJ</subfield><subfield code="b">eng</subfield><subfield code="c">NVJ</subfield><subfield code="d">OCLCQ</subfield></datafield><datafield ind1=" " ind2=" " tag="042"><subfield code="a">msc</subfield></datafield><datafield ind1="0" ind2=" " tag="130"><subfield code="a">Reflector (Greenville, N.C.)</subfield></datafield><datafield ind1="1" ind2="4" tag="245"><subfield code="a">The reflector.</subfield></datafield><datafield ind1="1" ind2="3" tag="246"><subfield code="a">Eastern reflector</subfield><subfield code="f">Jan. 26, 1882-Mar. 1, 1882</subfield></datafield><datafield ind1=" " ind2=" " tag="260"><subfield code="a">Greenville, N.C. :</subfield><subfield code="b">J.R. Whichard</subfield></datafield><datafield ind1=" " ind2=" " tag="300"><subfield code="a">v.</subfield></datafield><datafield ind1=" " ind2=" " tag="310"><subfield code="a">Weekly</subfield></datafield><datafield ind1="0" ind2=" " tag="362"><subfield code="a">Vol. 1, no. 1 (Jan. 26, 1882)-v. 1, no. 6 (Mar. 1, 1882).</subfield></datafield><datafield ind1=" " ind2=" " tag="752"><subfield code="a">United States</subfield><subfield code="b">North Carolina</subfield><subfield code="c">Pitt</subfield><subfield code="d">Greenville.</subfield></datafield><datafield ind1="0" ind2="0" tag="785"><subfield code="t">Eastern reflector</subfield><subfield code="w">(DLC)sn 93065761</subfield></datafield></record>